@techreport {PtolemyVol1:04,
   author = {Brooks, C. and Lee, E. A. and Liu, X. and Neuendorffer, S. and Zhao, Y. and Zheng, H.},
   title = {Heterogeneous Concurrent Modeling and Design in Java},
   institution = {University of California},
   number = {Technical Memorandum UCB/ERL M04/27},
   month= {7},
   url ={http://ptolemy.eecs.berkeley.edu/publications/papers/04/ptIIDesignIntro/},
   year = {2004}
}

@book {StrunkJr2000TheElementsOf,
    author = {Strunk Jr., William and White, E. B. and Angell, Roger},
    publisher = {Longman Publishing Group},
    title = {The Elements of Style},
    year = {2000},
}

@misc {Rees2017BiblatexCheatSheet,
   title = {Biblatex Cheat Sheet},
   url = {http://tug.ctan.org/info/biblatex-cheatsheet/biblatex-cheatsheet.pdf},
   author = {Clea F. Rees},
   year = {2017},
}

@misc {Lambert2021MakefileTutorial,
   author = {Chase Lambert},
   url = {https://makefiletutorial.com/},
   year = {2021},
   title = {Makefile Tutorial},
}

@misc {Overleaf2021LearnLaTeXIn,
   url = {https://www.overleaf.com/learn/latex/Learn_LaTeX_in_30_minutes},
   year = {2021},
   title = {Learn LaTeX in 30 minutes},
   author = {Overleaf},
}

@misc {Schiappa2019HowDoesAutonomous,
   title = {https://towardsdatascience.com/slam-intro-fd833ef29e4e},
   url = {https://towardsdatascience.com/slam-intro-fd833ef29e4e},
   author = {Madeline Schiappa},
   year = {2019}
}

@misc {GeoWeekNewsStaff2018NanoMap,
   title = {NanoMap: Because SLAM is too slow for fast drones},
   url = {https://www.geoweeknews.com/blogs/nanomap-slam-slow-fast-drones},
   author = {Geo Week News Staff},
   year = {2018}
}

@misc {BryantSolvingAMaze,
   title = {Soling a maze using graph algorithms by Clara},
   url = {https://slidetodoc.com/solving-a-maze-using-graph-algorithms-by-clara/},
   author = {Clara Bryant},
}

@book {Mataric2008TheRoboticsPrimer,
   author = {Maja J. Mataric},
   publisher = {The MIT Press},
   title = {The Robotics Primer},
   year = {2008}
}